% Encoding: UTF-8

@Article{Bossanyi2000a,
  author    = {Bossanyi, E. A.},
  title     = {The Design of closed loop controllers for wind turbines},
  journal   = {Wind Energy},
  year      = {2000},
  volume    = {3},
  number    = {3},
  pages     = {149--163},
  issn      = {1099-1824},
  doi       = {10.1002/we.34},
  publisher = {John Wiley \& Sons, Ltd.},
}

@Comment{jabref-meta: databaseType:bibtex;}
