% Encoding: UTF-8

@Article{Bossanyi2012a,
  author  = {Bossanyi, E. and Savini, B. and Iribas, M. and Hau, M. and Fischer, B. and Schlipf, David and van Engelen, T. and Rossetti, M. and Carcangiu, C. E.},
  title   = {Advanced controller research for multi-{MW} wind turbines in the {UpWind} project},
  journal = {Wind Energy},
  year    = {2012},
  volume  = {15},
  number  = {1},
  pages   = {119--145},
  month   = {jan},
  doi     = {10.1002/we.523},
}

@Article{Schlipf2013a,
  author  = {David Schlipf and Po Wen Cheng},
  title   = {Adaptive feedforward control for wind turbines},
  journal = {at - Automatisierungstechnik},
  year    = {2013},
  volume  = {61},
  number  = {5},
  pages   = {329--338},
  month   = {may},
  doi     = {10.1524/auto.2013.0029},
}

@Article{Schlipf2013d,
  author  = {David Schlipf and Jakob Mann and Po Wen Cheng},
  title   = {Model of the correlation between lidar systems and wind turbines for lidar-assisted control},
  journal = {Journal of Atmospheric and Oceanic Technology},
  year    = {2013},
  volume  = {30},
  number  = {10},
  pages   = {2233--2240},
  month   = {oct},
  doi     = {10.1175/jtech-d-13-00077.1},
}

@Article{Schlipf2013e,
  author  = {David Schlipf and Dominik Johannes Schlipf and Martin Kühn},
  title   = {Nonlinear model predictive control of wind turbines using {LIDAR}},
  journal = {Wind Energy},
  year    = {2013},
  volume  = {16},
  number  = {7},
  pages   = {1107--1129},
  month   = {oct},
  doi     = {10.1002/we.1533},
}

@Article{Schuler2013a,
  author  = {Simone Schuler and David Schlipf and Po Wen Cheng and Frank Allgöwer},
  title   = {$\ell_{1}$- optimal control of large wind turbines},
  journal = {IEEE Transactions on Control Systems Technology},
  year    = {2013},
  volume  = {21},
  number  = {4},
  pages   = {1079--1089},
  month   = {jul},
  doi     = {10.1109/tcst.2013.2261068},
}

@InProceedings{BoloneseFernandes2006a,
  author    = {Bolognese Fernandes, Pedro and David Schlipf and Jorge O. Trierweiler},
  title     = {Modeling and identification of nonlinear systems using {SISO} {LEM}-Hammerstein and {LEM}-Wiener model structures},
  booktitle = {6th IFAC Symposium on Advanced Control of Chemical Processes},
  year      = {2006},
  volume    = {39},
  number    = {2},
  pages     = {1101-1106},
  month     = {apr},
  doi       = {10.3182/20060402-4-br-2902.01101},
}

@InProceedings{Schlipf2006a,
  author    = {David Schlipf and Bolognese Fernandes, Pedro and Jorge O. Trierweiler},
  title     = {Modeling and identification of nonlinear systems using {MIMO} {LEM}-Hammerstein structure},
  booktitle = {Workshop on Solving Industrial Control and Optimization Problems},
  year      = {2006},
  address   = {Gramado, Brazil},
  month     = {apr},
  doi       = {10.18419/opus-8175},
}

@InProceedings{Schlipf2008a,
  author    = {David Schlipf and Martin Kühn},
  title     = {Prospects of a collective pitch control by means of predictive disturbance compensation assisted by wind speed measurements},
  booktitle = {German Wind Energy Conference (DEWEK)},
  year      = {2008},
  address   = {Bremen, Germany},
  month     = {nov},
  doi       = {10.18419/opus-3900},
}

@InProceedings{Trujillo2008a,
  author    = {Juan José Trujillo and Andreas Rettenmeier and David Schlipf},
  title     = {Arrangements for enhanced measurements of a large turbine near-wake using {LiDAR} from the nacelle},
  booktitle = {IOP Conference Series: Earth and Environmental Science},
  year      = {2008},
  volume    = {1},
  number    = {012060},
  month     = {apr},
  note      = {14th International Symposium for the Advancement of Boundary Layer Remote Sensing},
  doi       = {10.1088/1755-1315/1/1/012060},
}

@InProceedings{Rettenmeier2008a,
  author    = {Andreas Rettenmeier and David Schlipf and Matthias Wächter and Yvonne Käsler and Harald Mellinghoff and Björn Siegmeier and Lennard Reeder and Martin Kühn},
  title     = {Lidar technology for the german offshore test site "alpha ventus" - joint project in measurement development},
  booktitle = {German Wind Energy Conference (DEWEK)},
  year      = {2008},
  address   = {Bremen, Germany},
  month     = {nov},
  doi       = {10.18419/opus-3944},
}

@InProceedings{Schlipf2009a,
  author    = {David Schlipf and Juan José Trujillo and Valeria Basterra and Martin Kühn},
  title     = {Development of a wind turbine {LiDAR} simulator},
  booktitle = {European Wind Energy Conference},
  year      = {2009},
  address   = {Marseille, France},
  month     = {mar},
  doi       = {10.18419/opus-3914},
}

@InProceedings{Schlipf2010c,
  author    = {David Schlipf and Tim Fischer and Carlo Enrico Carcangiu and Michele Rossetti and Ervin Bossanyi},
  title     = {Load analysis of look-ahead collective pitch control using {LIDAR}},
  booktitle = {German Wind Energy Conference (DEWEK)},
  year      = {2010},
  address   = {Bremen, Germany},
  month     = {nov},
  doi       = {10.18419/opus-3902},
}

@InProceedings{Schlipf2010b,
  author    = {David Schlipf and Simone Schuler and Patrick Grau and Frank Allgöwer and Martin Kühn},
  title     = {Look-ahead cyclic pitch control using {LIDAR}},
  booktitle = {The Science of Making Torque from Wind (TORQUE 2010)},
  year      = {2010},
  address   = {Heraklion, Greece},
  month     = {jun},
  doi       = {10.18419/opus-4538},
}

@InProceedings{Schlipf2010a,
  author    = {David Schlipf and Davide Trabucchi and Oliver Bischoff and Martin Hofsäß and Jakob Mann and Torben Mikkelsen and Andreas Rettenmeier and Juan José Trujillo and Martin Kühn},
  title     = {Testing of frozen turbulence hypothesis for wind turbine applications with a scanning {LIDAR} system},
  booktitle = {International Symposium for the Advancement of Boundary Layer Remote Sensing},
  year      = {2010},
  address   = {Paris, France},
  month     = {jun},
  doi       = {10.18419/opus-3915},
}

@InProceedings{Schuler2010a,
  author    = {Simone Schuler and David Schlipf and Martin Kühn and Frank Allgöwer},
  title     = {$\ell_{1}$- optimal multivariable pitch control for load reduction on large wind turbines},
  booktitle = {European Wind Energy Conference},
  year      = {2010},
  address   = {Warsaw, Poland},
  month     = {apr},
  note      = {Scientific track},
  url       = {http://proceedings.ewea.org/ewec2010/allfiles2/94_EWEC2010presentation.pdf},
}

@InProceedings{Bischoff2010a,
  author    = {Oliver Bischoff and Martin Hofsäß and Andreas Rettenmeier and David Schlipf and Björn Siegmeier},
  title     = {Statistical load estimation using a nacelle-based lidar system},
  booktitle = {German Wind Energy Conference (DEWEK)},
  year      = {2010},
  address   = {Bremen, Germany},
  month     = {nov},
  doi       = {10.18419/opus-8730},
}

@InProceedings{Trujillo2010a,
  author    = {Juan José Trujillo and Oliver Bischoff and Martin Hofsäß and Andreas Rettenmeier and David Schlipf and Martin Kühn},
  title     = {Validation of a dynamic meandering model with near wake lidar measurements},
  booktitle = {German Wind Energy Conference (DEWEK)},
  year      = {2010},
  address   = {Bremen, Germany},
  month     = {nov},
  url       = {http://oops.uni-oldenburg.de/1834/},
}

@InProceedings{Sjoholm2010a,
  author    = {Mikael Sjöholm and Torben Mikkelsen and Leif Kristensen and Jakob Mann and Peter Kirkegaard and Stefan Kapp and David Schlipf and Juan José Trujillo},
  title     = {Spectral analysis of wind turbulence measured by a doppler lidar for velocity fine structure and coherence studies},
  booktitle = {International Symposium for the Advancement of Boundary Layer Remote Sensing},
  year      = {2010},
  address   = {Paris, France},
  month     = {jun},
  url       = {https://orbit.dtu.dk/en/publications/spectral-analysis-of-wind-turbulence-measured-by-a-doppler-lidar-},
}

@InProceedings{Schlipf2011a,
  author    = {David Schlipf and Stefan Kapp and Jan Anger and Oliver Bischoff and Martin Hofsäß and Andreas Rettenmeier and Ursula Smolka and Martin Kühn},
  title     = {Prospects of optimization of energy production by {LIDAR} assisted control of wind turbines},
  booktitle = {European Wind Energy Association Annual Event},
  year      = {2011},
  address   = {Brussels, Belgium},
  month     = {mar},
  doi       = {10.18419/opus-3916},
}

@TechReport{Schlipf2011b,
  author      = {Schlipf, David and Bossanyi, Ervin and Carcangiu, Carlo Enrico and Fischer, Tim and Maul, Timo and Rossetti, Michele},
  title       = {{LIDAR} assisted collective pitch control},
  institution = {Endowed Chair of Wind Energy at Institute of Aircraft Design, Universität Stuttgart},
  year        = {2011},
  type        = {UpWind Report},
  number      = {Deliverable D5.1.3},
  doi         = {10.18419/opus-3913},
}

@InProceedings{Dunne2012a,
  author    = {Fiona Dunne and David Schlipf and Lucy Y. Pao and Alan D. Wright and Bonnie Jonkman and Neil Kelley and Eric Simley},
  title     = {Comparison of two independent lidar-based pitch control designs},
  booktitle = {50th AIAA Aerospace Sciences Meeting including the New Horizons Forum and Aerospace Exposition},
  year      = {2012},
  address   = {Nashville, TN, USA},
  month     = {jan},
  doi       = {10.2514/6.2012-1151},
}

@InProceedings{Schlipf2012c,
  author    = {David Schlipf and Lucy Y. Pao and Po Wen Cheng},
  title     = {Comparison of feedforward and model predictive control of wind turbines using {LIDAR}},
  booktitle = {51st IEEE Conference on Decision and Control (CDC)},
  year      = {2012},
  pages     = {3050--3055},
  address   = {Maui, HI, USA},
  month     = {dec},
  doi       = {10.1109/cdc.2012.6426063},
  url       = {http://dx.doi.org/10.18419/opus-3905},
}

@InProceedings{Schlipf2012b,
  author    = {David Schlipf and Andreas Rettenmeier and Florian Haizmann and Martin Hofsäß and Mike Courtney and Po Wen Cheng},
  title     = {Model based wind vector field reconstruction from lidar data},
  booktitle = {German Wind Energy Conference (DEWEK)},
  year      = {2012},
  address   = {Bremen, Germany},
  month     = {nov},
  doi       = {10.18419/opus-8136},
}

@InProceedings{Sandner2012a,
  author    = {Frank Sandner and David Schlipf and Denis Matha and Robert Seifried and Po Wen Cheng},
  title     = {Reduced nonlinear model of a spar-mounted floating wind turbine},
  booktitle = {German Wind Energy Conference (DEWEK)},
  year      = {2012},
  address   = {Bremen, Germany},
  month     = {nov},
  doi       = {10.18419/opus-4528},
}

@InProceedings{Wurth2012a,
  author    = {Ines Würth and Andreas Rettenmeier and David Schlipf and Po Wen Cheng and Matthias Wächter and Philip Rinn and Joachim Peinke},
  title     = {Determination of stationary and dynamical power curves using a nacelle-based lidar system},
  booktitle = {German Wind Energy Conference (DEWEK)},
  year      = {2012},
  address   = {Bremen, Germany},
  month     = {nov},
  doi       = {10.18419/opus-8137},
}

@InProceedings{Rettenmeier2012b,
  author    = {Andreas Rettenmeier and Jan Anger and Oliver Bischoff and Martin Hofsäß and David Schlipf and Ines Würth},
  title     = {Nacelle-based {LIDAR} systems},
  booktitle = {Summer School in Remote Sensing for Wind Energy},
  year      = {2012},
  address   = {Boulder, CO, USA},
  month     = {jun},
  url       = {http://breeze.colorado.edu/ftp/RSWE/Andreas_Rettenmeier.pdf},
}

@InProceedings{Schlipf2012a,
  author    = {David Schlipf},
  title     = {Lidar Assisted Control of Wind Turbines},
  booktitle = {Summer School in Remote Sensing for Wind Energy},
  year      = {2012},
  address   = {Boulder, CO, USA},
  month     = {jun},
  url       = {http://breeze.colorado.edu/ftp/RSWE/David_Schlipf.pdf},
}

@TechReport{Dunne2012b,
  author      = {Fiona Dunne and David Schlipf and Lucy Y. Pao and Alan D. Wright},
  title       = {Comparison of two independent {LIDAR}-based pitch control designs},
  institution = {NREL},
  year        = {2012},
  number      = {SR-5000-55544},
  month       = {aug},
  url         = {https://www.nrel.gov/docs/fy12osti/55544.pdf},
}

@Misc{Rettenmeier2012a,
  author  = {Andreas Rettenmeier and Oliver Bischoff and David Schlipf and Jan Anger and Martin Hofsäß and Po Wen Cheng and Rozenn Wagner and Mike Courtney and Jakob Mann},
  title   = {Turbulence and wind speed investigations using a nacelle-based {LIDAR} scanner and a {MET} mast},
  month   = {apr},
  year    = {2012},
  note    = {Presentation at European Wind Energy Association Annual Event},
  address = {Copenhagen, Denmark},
  url     = {https://www.slideserve.com/satya/turbulence-and-wind-speed-investigations-using-a-nacelle-based-lidar-scanner-and-a-met-mast},
}

@InProceedings{Schlipf2013b,
  author    = {Schlipf, David and Fleming, Paul and Kapp, Stefan and Scholbrock, Andrew and Haizmann, Florian and Belen, Fred and Wright, Alan and Cheng, Po Wen},
  title     = {Direct speed control using {LIDAR} and turbine data},
  booktitle = {American Control Conference},
  year      = {2013},
  pages     = {2208--2213},
  address   = {Washington, DC, USA},
  month     = {jun},
  doi       = {10.1109/acc.2013.6580163},
  url       = {http://dx.doi.org/10.18419/opus-3906},
}

@InProceedings{Schlipf2013c,
  author    = {David Schlipf and Frank Sandner and Steffen Raach and Denis Matha and Po Wen Cheng},
  title     = {Nonlinear model predictive control of floating wind turbines},
  booktitle = {23rd International Ocean and Polar Engineering Conference},
  year      = {2013},
  pages     = {440--447},
  address   = {Anchorage, AK, USA},
  month     = {jul},
  doi       = {10.18419/opus-3908},
}

@InProceedings{Scholbrock2013a,
  author    = {Scholbrock, Andrew and Fleming, Paul and Fingersh, Lee and Wright, Alan and Schlipf, David and Haizmann, Florian and Belen, Fred},
  title     = {Field testing {LIDAR} based feedforward controls on the {NREL} controls advanced research turbine},
  booktitle = {51st AIAA Aerospace Sciences Meeting including the New Horizons Forum and Aerospace Exposition},
  year      = {2013},
  address   = {Grapevine, TX, USA},
  month     = {jan},
  doi       = {10.2514/6.2013-818},
  url       = {https://www.nrel.gov/docs/fy13osti/57339.pdf},
}

@Article{Rettenmeier2014a,
  author  = {Andreas Rettenmeier and David Schlipf and Ines Würth and Po Wen Cheng},
  title   = {Power performance measurements of the {NREL} {CART}-2 wind turbine using a nacelle-based lidar scanner},
  journal = {Journal of Atmospheric and Oceanic Technology},
  year    = {2014},
  volume  = {31},
  number  = {10},
  pages   = {2029--2034},
  month   = {oct},
  doi     = {10.1175/jtech-d-13-00154.1},
}

@InProceedings{Dunne2014a,
  author    = {Fiona Dunne and Lucy Y. Pao and David Schlipf and Andrew K. Scholbrock},
  title     = {Importance of {LIDAR} measurement timing accuracy for wind turbine control},
  booktitle = {American Control Conference},
  year      = {2014},
  address   = {Portland, OR, USA},
  month     = {jun},
  doi       = {10.1109/acc.2014.6859337},
}

@InProceedings{Raach2014a,
  author    = {Steffen Raach and David Schlipf and Florian Haizmann and Po Wen Cheng},
  title     = {Three dimensional dynamic model based wind field reconstruction from {LIDAR} data},
  booktitle = {Journal of Physics: Conference Series},
  year      = {2014},
  volume    = {524},
  number    = {012005},
  address   = {Copenhagen, Denmark},
  month     = {may},
  note      = {The Science of making torque from wind (Torque 2014)},
  doi       = {10.1088/1742-6596/524/1/012005},
}

@InProceedings{Schlipf2014b,
  author    = {David Schlipf and Po Wen Cheng},
  title     = {Flatness-based feedforward control of wind turbines using lidar},
  booktitle = {World Congress of the International Federation of Automatic Control},
  year      = {2014},
  volume    = {47},
  number    = {3},
  pages     = {5820--5825},
  address   = {Cape Town, South Africa},
  month     = {aug},
  doi       = {10.3182/20140824-6-za-1003.00443},
}

@InProceedings{Schlipf2014c,
  author    = {Schlipf, David and Fleming, Paul and Haizmann, Florian and Scholbrock, Andrew and Hofsäß, Martin and Wright, Alan and Cheng, Po Wen},
  title     = {Field testing of feedforward collective pitch control on the {CART2} using a nacelle-based {LIDAR} scanner},
  booktitle = {Journal of Physics: Conference Series},
  year      = {2014},
  volume    = {555},
  number    = {012090},
  address   = {Oldenburg, Germany},
  month     = {oct},
  note      = {The Science of making torque from wind (Torque 2012)},
  doi       = {10.1088/1742-6596/555/1/012090},
}

@InProceedings{Sandner2014a,
  author    = {Frank Sandner and David Schlipf and Denis Matha and Po Wen Cheng},
  title     = {Integrated optimization of floating wind turbine systems},
  booktitle = {International Conference on Ocean, Offshore and Arctic Engineering},
  year      = {2014},
  volume    = {9B},
  address   = {San Francisco, CA, USA},
  month     = {jun},
  doi       = {10.1115/omae2014-24244},
  url       = {http://dx.doi.org/10.18419/opus-3937},
}

@InProceedings{Schlipf2014a,
  author    = {David Schlipf and Patrick Grau and Steffen Raach and Ricardo Duraiski and Jorge Trierweiler and Po Wen Cheng},
  title     = {Comparison of linear and nonlinear model predictive control of wind turbines using {LIDAR}},
  booktitle = {American Control Conference},
  year      = {2014},
  address   = {Portland, OR, USA},
  month     = {jun},
  doi       = {10.1109/acc.2014.6859205},
  url       = {http://dx.doi.org/10.18419/opus-8173},
}

@InProceedings{Raach2014b,
  author    = {Steffen Raach and David Schlipf and Frank Sandner and Denis Matha and Po Wen Cheng},
  title     = {Nonlinear model predictive control of floating wind turbines with individual pitch control},
  booktitle = {American Control Conference},
  year      = {2014},
  address   = {Portland, OR, USA},
  month     = {jun},
  doi       = {10.1109/acc.2014.6858718},
  url       = {http://dx.doi.org/10.18419/opus-3940},
}

@InProceedings{Matha2014a,
  author    = {Denis Matha and Frank Sandner and David Schlipf},
  title     = {Efficient critical design load case identification for floating offshore wind turbines with a reduced nonlinear model},
  booktitle = {Journal of Physics: Conference Series},
  year      = {2014},
  volume    = {555},
  number    = {012069},
  address   = {Oldenburg, Germany},
  month     = {oct},
  note      = {The Science of making torque from wind (Torque 2012)},
  doi       = {10.1088/1742-6596/555/1/012069},
}

@InProceedings{Schlipf2015a,
  author    = {David Schlipf and Eric Simley and Frank Lemmer and Lucy Pao and Po Wen Cheng},
  title     = {Collective pitch feedforward control of floating wind turbines using Lidar},
  booktitle = {International Offshore and Polar Engineering},
  year      = {2015},
  address   = {Kona, HI, USA},
  month     = {jul},
  doi       = {10.18419/opus-3974},
  url       = {https://onepetro.org/ISOPEIOPEC/proceedings-abstract/ISOPE15/All-ISOPE15/ISOPE-I-15-755/15111},
}

@Article{Schlipf2015b,
  author  = {David Schlipf and Florian Haizmann and Nicolai Cosack and Tom Siebers and Po Wen Cheng},
  title   = {Detection of wind evolution and lidar trajectory optimization for lidar-assisted wind turbine control},
  journal = {Meteorologische Zeitschrift},
  year    = {2015},
  volume  = {24},
  number  = {6},
  pages   = {565--579},
  month   = {nov},
  doi     = {10.1127/metz/2015/0634},
}

@InProceedings{Schlipf2015c,
  author    = {David Schlipf and Paul Fleming and Steffen Raach and Andrew K. Scholbrock and Florian Haizmann and Raghu Krishnamurthy and Matthieu Boquet and Po Wen Cheng},
  title     = {An adaptive data processing technique for {LIDAR}-assisted control to bridge the gap between {LIDAR} systems and wind turbines},
  booktitle = {European Wind Energy Association Annual Event},
  year      = {2015},
  address   = {Paris, France},
  month     = {nov},
  note      = {Scientific Track},
  doi       = {10.18419/opus-8419},
}

@InProceedings{Furst2015a,
  author    = {Holger Fürst and David Schlipf and Iribas Latour, Mikel and Po Wen Cheng},
  title     = {Design and evaluation of a lidar-based feedforward controller for the {INNWIND.EU} 10 {MW} wind turbine},
  booktitle = {European Wind Energy Assosiation Annual Event},
  year      = {2015},
  address   = {Paris, France},
  month     = {nov},
  note      = {Scientific Track},
  doi       = {10.18419/opus-8418},
}

@InProceedings{Tofighi2015a,
  author    = {Elham Tofighi and David Schlipf and Christopher M. Kellett},
  title     = {Nonlinear model predictive controller design for extreme load mitigation in transition operation region in wind turbines},
  booktitle = {IEEE Conference on Control Applications},
  year      = {2015},
  address   = {Sydney, Australia},
  month     = {sep},
  doi       = {10.1109/cca.2015.7320770},
}

@InProceedings{Lemmer2015a,
  author    = {Frank Lemmer and Steffen Raach and David Schlipf and Po Wen Cheng},
  title     = {Prospects of linear model predictive controlon a 10 {MW} floating wind turbine},
  booktitle = {International Conference on Ocean, Offshore and Arctic Engineering},
  year      = {2015},
  address   = {St. John's, Canada},
  month     = {jun},
  doi       = {10.1115/OMAE2015-42267},
  url       = {http://dx.doi.org/10.18419/opus-3959},
}

@InProceedings{Haizmann2015b,
  author    = {Florian Haizmann and David Schlipf and Steffen Raach and Andrew Scholbrock and Alan Wright and Chris Slinger and John Medley and Michael Harris and Ervin Bossanyi and Po Wen Cheng},
  title     = {Optimization of a feed-forward controller using a {CW}-lidar system on the {CART}3},
  booktitle = {American Control Conference},
  year      = {2015},
  address   = {Chicago, IL, USA},
  month     = {jun},
  doi       = {10.1109/acc.2015.7171907},
  url       = {http://dx.doi.org/10.18419/opus-3975},
}

@InProceedings{Haizmann2015a,
  author    = {Florian Haizmann and David Schlipf and Po Wen Cheng},
  title     = {Correlation-model of rotor-effective wind shears and wind speed for lidar-based individual pitch control},
  booktitle = {German Wind Energy Conference (DEWEK)},
  year      = {2015},
  address   = {Bremen, Germany},
  month     = {may},
  doi       = {10.18419/opus-3976},
}

@Article{Schlipf2015d,
  author  = {David Schlipf and Eric Simley and Frank Lemmer and Lucy Pao and Po Wen Cheng},
  title   = {Collective pitch feedforward control of floating wind turbines using Lidar},
  journal = {Journal of Ocean and Wind Energy},
  year    = {2015},
  volume  = {2},
  number  = {4},
  pages   = {223-230},
  month   = {nov},
  doi     = {10.17736/jowe.2015.arr04},
}

@Article{Kuik2016a,
  author  = {Van Kuik, G. A. M. and Peinke, J. and Nijssen, R. and Lekou, D. and Mann, J. and Sørensen, J. N. and Ferreira, C. and Van Wingerden, J. W. and Schlipf, David and Gebraad, P. and Polinder, H. and Abrahamsen, A. and Van Bussel, G. J. W. and Sørensen, J. D. and Tavner, P. and Bottasso, C. L. and Muskulus, M. and Matha, D. and Lindeboom, H. J. and Degraer, S. and Kramer, O. and Lehnhoff, S. and Sonnenschein, M. and Sørensen, P. E. and Künneke, R. W. and Morthorst, P. E. and Skytte, K.},
  title   = {Long-term research challenges in wind energy -- a research agenda by the european academy of wind energy},
  journal = {Wind Energy Science},
  year    = {2016},
  volume  = {1},
  number  = {1},
  pages   = {1--39},
  month   = {feb},
  doi     = {10.5194/wes-1-1-2016},
}

@Article{Trujillo2016a,
  author  = {Juan José Trujillo and Janna Kristina Seifert and Ines Würth and David Schlipf and Martin Kühn},
  title   = {Full-field assessment of wind turbine near-wake deviation in relation to yaw misalignment},
  journal = {Wind Energy Science},
  year    = {2016},
  volume  = {1},
  number  = {1},
  pages   = {41--53},
  month   = {apr},
  doi     = {10.5194/wes-1-41-2016},
}

@InProceedings{Schlipf2016b,
  author    = {David Schlipf and Steffen Raach},
  title     = {Turbulent extreme event simulations for Lidar-assisted wind turbine control},
  booktitle = {Journal of Physics: Conference Series},
  year      = {2016},
  volume    = {753},
  pages     = {052011},
  address   = {Munich, Germany},
  month     = {sep},
  note      = {The Science of making torque from wind (Torque 2016)},
  doi       = {10.1088/1742-6596/753/5/052011},
}

@InProceedings{Lemmer2016b,
  author    = {Frank Lemmer and David Schlipf and Po Wen Cheng},
  title     = {Control design methods for floating wind turbines for optimal disturbance rejection},
  booktitle = {Journal of Physics: Conference Series},
  year      = {2016},
  volume    = {753},
  pages     = {092006},
  address   = {Munich, Germany},
  month     = {sep},
  note      = {The Science of making torque from wind (Torque 2016)},
  doi       = {10.1088/1742-6596/753/9/092006},
}

@InProceedings{Raach2016b,
  author    = {Steffen Raach and David Schlipf and Po Wen Cheng},
  title     = {Lidar-based wake tracking for closed-loop wind farm control},
  booktitle = {Journal of Physics: Conference Series},
  year      = {2016},
  volume    = {753},
  pages     = {052009},
  address   = {Munich, Germany},
  month     = {sep},
  note      = {The Science of making torque from wind (Torque 2016)},
  doi       = {10.1088/1742-6596/753/5/052009},
}

@InProceedings{Schlipf2016a,
  author    = {David Schlipf},
  title     = {Prospects of multivariable feedforward control of wind turbines using lidar},
  booktitle = {American Control Conference},
  year      = {2016},
  address   = {Boston, MA, USA},
  month     = {jul},
  doi       = {10.1109/acc.2016.7525112},
  url       = {http://dx.doi.org/10.18419/opus-8818},
}

@InProceedings{Scholbrock2016a,
  author    = {Andrew Scholbrock and Paul Fleming and David Schlipf and Alan Wright and Kathryn Johnson and Na Wang},
  title     = {Lidar-enhanced wind turbine control: past, present, and future},
  booktitle = {American Control Conference},
  year      = {2016},
  address   = {Boston, MA, USA},
  month     = {jul},
  doi       = {10.1109/acc.2016.7525113},
  url       = {https://www.nrel.gov/docs/fy16osti/65879.pdf},
}

@InProceedings{Raach2016a,
  author    = {Steffen Raach and David Schlipf and Friedemann Borisade and Po Wen Cheng},
  title     = {Wake redirecting using feedback control to improve the power output of wind farms},
  booktitle = {American Control Conference},
  year      = {2016},
  address   = {Boston, MA, USA},
  month     = {jul},
  doi       = {10.1109/acc.2016.7525111},
  url       = {http://dx.doi.org/10.18419/opus-8811},
}

@InProceedings{Fleming2016a,
  author    = {Paul A. Fleming and Antoine Peiffer and David Schlipf},
  title     = {Wind turbine controller to mitigate structural loads on a floating wind turbine platform},
  booktitle = {International Conference on Offshore Mechanics and Arctic Engineering},
  year      = {2016},
  volume    = {6},
  address   = {Busan, South Korea},
  month     = {jun},
  doi       = {10.1115/omae2016-54536},
}

@InProceedings{Lemmer2016a,
  author    = {Frank Lemmer and Steffen Raach and David Schlipf and Po Wen Cheng},
  title     = {Parametric wave excitation model for floating wind turbines},
  booktitle = {Energy Procedia},
  year      = {2016},
  volume    = {94},
  pages     = {290--305},
  address   = {Trondheim, Norway},
  month     = {sep},
  note      = {13th Deep Sea Offshore Wind R\&D Conference, EERA DeepWind'2016},
  doi       = {10.1016/j.egypro.2016.09.186},
}

@Article{Borraccino2017a,
  author  = {Antoine Borraccino and David Schlipf and Florian Haizmann and Rozenn Wagner},
  title   = {Wind field reconstruction from nacelle-mounted lidar short-range measurements},
  journal = {Wind Energy Science},
  year    = {2017},
  volume  = {2},
  number  = {1},
  pages   = {269--283},
  month   = {may},
  doi     = {10.5194/wes-2-269-2017},
}

@Article{Raach2017a,
  author  = {Steffen Raach and David Schlipf and Po Wen Cheng},
  title   = {Lidar-based wake tracking for closed-loop wind farm control},
  journal = {Wind Energy Science},
  year    = {2017},
  volume  = {2},
  number  = {1},
  pages   = {257--267},
  month   = {may},
  doi     = {10.5194/wes-2-257-2017},
}

@InProceedings{Raach2017c,
  author    = {Steffen Raach and Sjoerd Boersma and Jan-Willem van Wingerden and David Schlipf and Po Wen Cheng},
  title     = {Robust controller design for lidar-based closed-loop wake redirection for wind farm control},
  booktitle = {World Congress of the International Federation of Automatic Control},
  year      = {2017},
  volume    = {50},
  number    = {1},
  pages     = {4498--4503},
  address   = {Toulouse, France},
  month     = {jul},
  doi       = {10.1016/j.ifacol.2017.08.380},
}

@InProceedings{Lemmer2017a,
  author    = {Frank Lemmer and Kolja Müller and Wei Yu and David Schlipf and Po Wen Cheng},
  title     = {Optimization of floating offshore wind turbine platforms with a self-tuning controller},
  booktitle = {International Conference on Ocean, Offshore and Arctic Engineering},
  year      = {2017},
  address   = {Trondheim, Norway},
  month     = {jun},
  doi       = {10.1115/omae2017-62038},
  url       = {http://dx.doi.org/10.18419/opus-9174},
}

@InProceedings{Fleming2017a,
  author    = {Paul Fleming and Jennifer Annoni and Andrew Scholbrock and Eliot Quon and Scott Dana and Scott Schreck and Steffen Raach and Florian Haizmann and David Schlipf},
  title     = {Full-scale field test of wake steering},
  booktitle = {Journal of Physics: Conference Series},
  year      = {2017},
  volume    = {854},
  pages     = {012013},
  address   = {Visby, Sweden},
  month     = {may},
  note      = {Wake Conference},
  doi       = {10.1088/1742-6596/854/1/012013},
}

@InProceedings{Yu2017a,
  author    = {W. Yu and F. Lemmer and H. Bredmose and M. Borg and A. Pegalajar Jurado and R. F. Mikkelsen and T. Stoklund Larsen and T. Fjelstrup and A. K. Lomholt and L. Boehm and David Schlipf and Azcona Armendariz, J. and P. W. Cheng},
  title     = {The triple spar campaign: implementation and test of a blade pitch controller on a scaled floating wind turbine model},
  booktitle = {Energy {Procedia}},
  year      = {2017},
  volume    = {137},
  pages     = {323--338},
  address   = {Trondheim, Norway},
  month     = {oct},
  note      = {14th Deep Sea Offshore Wind R\&D Conference, EERA DeepWind'2017},
  doi       = {10.1016/j.egypro.2017.10.357},
}

@InProceedings{Hagemann2017a,
  author    = {Tim Hagemann and Florian Haizmann and David Schlipf and Po Wen Cheng},
  title     = {Realistic simulations of extreme load cases with lidar-based feedforward control},
  booktitle = {German Wind Energy Conference},
  year      = {2017},
  address   = {Bremen, Germany},
  month     = {oct},
  doi       = {10.18419/opus-9333},
}

@InProceedings{Raach2017b,
  author    = {Steffen Raach and Van Wingerden, Jan-Willem and Sjoerd Boersma and David Schlipf and Po Wen Cheng},
  title     = {$\mathscr{H}_{\infty}$ controller design for closed-loop wake redirection},
  booktitle = {American Control Conference},
  year      = {2017},
  pages     = {703--708},
  address   = {Seatle, WA, USA},
  month     = {may},
  doi       = {10.23919/ACC.2017.7963035},
}

@Article{Clifton2018a,
  author  = {Andrew Clifton and Peter Clive and Julia Gottschall and David Schlipf and Eric Simley and Luke Simmons and Detlef Stein and Davide Trabucchi and Nikola Vasiljevic and Ines Würth},
  title   = {{IEA} wind task 32: wind lidar identifying and mitigating barriers to the adoption of wind lidar},
  journal = {Remote Sensing},
  year    = {2018},
  volume  = {10},
  number  = {3},
  pages   = {406},
  month   = {mar},
  doi     = {10.3390/rs10030406},
}

@Article{Simley2018a,
  author  = {Eric Simley and Holger Fürst and Florian Haizmann and David Schlipf},
  title   = {Optimizing lidars for wind turbine control applications results from the {IEA} wind task 32 workshop},
  journal = {Remote Sensing},
  year    = {2018},
  volume  = {10},
  number  = {6},
  pages   = {863},
  month   = {jun},
  doi     = {10.3390/rs10060863},
}

@Article{Annoni2018a,
  author  = {Jennifer Annoni and Paul Fleming and Andrew Scholbrock and Jason Roadman and Scott Dana and Christiane Adcock and Fernando Porte-Agel and Steffen Raach and Florian Haizmann and David Schlipf},
  title   = {Analysis of control-oriented wake modeling tools using lidar field results},
  journal = {Wind Energy Science},
  year    = {2018},
  volume  = {3},
  number  = {2},
  pages   = {819--831},
  month   = {nov},
  doi     = {10.5194/wes-3-819-2018},
}

@InProceedings{Schlipf2018a,
  author    = {David Schlipf and Nikolai Hille and Steffen Raach and Andrew Scholbrock and Eric Simley},
  title     = {{IEA} wind task 32: best practices for the certification of lidar-assisted control applications},
  booktitle = {Journal of Physics: Conference Series},
  year      = {2018},
  volume    = {1102},
  pages     = {012010},
  address   = {Hamburg, Germany},
  month     = {sep},
  note      = {WindEurope conference 2018 within the Global Wind Summit},
  doi       = {10.1088/1742-6596/1102/1/012010},
}

@InProceedings{Schlipf2018b,
  author    = {David Schlipf and Holger Fürst and Steffen Raach and Florian Haizmann},
  title     = {Systems engineering for lidar-assisted control: a sequential approach},
  booktitle = {Journal of Physics: Conference Series},
  year      = {2018},
  volume    = {1102},
  pages     = {012014},
  address   = {Hamburg, Germany},
  month     = {sep},
  note      = {WindEurope conference 2018 within the Global Wind Summit},
  doi       = {10.1088/1742-6596/1102/1/012014},
}

@InProceedings{Salari2018b,
  author    = {Salari Khaniki, Mohammad and David Schlipf and Po Wen Cheng},
  title     = {A comparison between {LIDAR}-based feedforward and {DAC} for control of wind turbines},
  booktitle = {IEEE Conference on Control Technology and Applications},
  year      = {2018},
  address   = {Copenhagen, Denmark},
  month     = {aug},
  doi       = {10.1109/ccta.2018.8511422},
}

@InProceedings{Salari2018a,
  author    = {Salari Khaniki, Mohammad and David Schlipf and Vasilis Pettas and Po Wen Cheng},
  title     = {Control design for disturbance rejection in wind turbines},
  booktitle = {American Control Conference},
  year      = {2018},
  address   = {Milwaukee, WI, USA},
  month     = {jun},
  doi       = {10.23919/acc.2018.8431637},
}

@InProceedings{Pettas2018a,
  author    = {Vasilis Pettas and Mohammad Salari and David Schlipf and Po Wen Cheng},
  title     = {Investigation on the potential of individual blade control for lifetime extension},
  booktitle = {Journal of Physics: Conference Series},
  year      = {2018},
  volume    = {1037},
  pages     = {032006},
  address   = {Milano, Italy},
  month     = {may},
  note      = {The Science of making torque from wind (Torque 2018)},
  doi       = {10.1088/1742-6596/1037/3/032006},
}

@InProceedings{Haizmann2018a,
  author    = {Florian Haizmann and David Schlipf and Po Wen Cheng},
  title     = {Lidar-assisted extreme load reduction by multi-variable protective derating},
  booktitle = {Journal of Physics: Conference Series},
  year      = {2018},
  volume    = {1037},
  pages     = {032025},
  address   = {Milano, Italy},
  month     = {may},
  note      = {The Science of making torque from wind (Torque 2018)},
  doi       = {10.1088/1742-6596/1037/3/032025},
}

@InProceedings{Yu2018a,
  author    = {Wei Yu and Frank Lemmer and David Schlipf and Po Wen Cheng and Bart Visser and Harmen Links and Neelabh Gupta and Sabrina Dankemann and Bernardino Counago and Jose Serna},
  title     = {Evaluation of control methods for floating offshore wind turbines},
  booktitle = {Journal of Physics: Conference Series},
  year      = {2018},
  volume    = {1104},
  pages     = {012033},
  address   = {Trondheim, Norway},
  month     = {jan},
  note      = {15th Deep Sea Offshore Wind R\&D Conference, EERA DeepWind'2018},
  doi       = {10.1088/1742-6596/1104/1/012033},
}

@Article{Lemmer2020a,
  author  = {Frank Lemmer and Wei Yu and David Schlipf and Po Wen Cheng},
  title   = {Robust gain scheduling baseline controller for floating offshore wind turbines},
  journal = {Wind Energy},
  year    = {2020},
  volume  = {23},
  number  = {1},
  pages   = {17-30},
  month   = {jan},
  doi     = {10.1002/we.2408},
}

@Article{Fleming2019a,
  author  = {Paul A. Fleming and Antoine Peiffer and David Schlipf},
  title   = {Wind turbine controller to mitigate structural loads on a floating wind turbine platform},
  journal = {Journal of Offshore Mechanics and Arctic Engineering},
  year    = {2019},
  volume  = {141},
  number  = {6},
  month   = {mar},
  doi     = {10.1115/1.4042938},
}

@Article{Wurth2019a,
  author  = {Ines Würth and Laura Valldecabres and Elliot Simon and Corinna Möhrlen and Bahri Uzunoğlu and Ciaran Gilbert and Gregor Giebel and David Schlipf and Anton Kaifel},
  title   = {Minute-scale forecasting of wind power results from the collaborative workshop of {IEA} wind task 32 and 36},
  journal = {Energies},
  year    = {2019},
  volume  = {12},
  number  = {4},
  pages   = {712},
  month   = {feb},
  doi     = {10.3390/en12040712},
}

@PhdThesis{Schlipf2015e,
  author = {David Schlipf},
  title  = {Lidar-Assisted Control Concepts for Wind Turbines},
  school = {University of Stuttgart},
  year   = {2015},
  doi    = {10.18419/opus-8796},
}

@InBook{Wingerden2016a,
  chapter   = {Control},
  pages     = {27--33},
  title     = {Long-term Research Challenges in Wind Energy - A Research Agenda by the European Academy of Wind Energy},
  publisher = {Springer International Publishing},
  year      = {2016},
  author    = {Van Wingerden, Jan-Willem and David Schlipf and Pieter Gebraad},
  editor    = {van Kuik, Gijs and Peinke, Joachim},
  month     = sep,
  isbn      = {978-3-319-46919-5},
  doi       = {10.1007/978-3-319-46919-5},
}

@Article{Guo2021a,
  author  = {Feng Guo and David Schlipf},
  title   = {A Spectral Model of Grid Frequency for Assessing the Impact of Inertia Response on Wind Turbine Dynamics},
  journal = {Energies},
  year    = {2021},
  volume  = {14},
  number  = {9},
  month   = {apr},
  doi     = {10.3390/en14092492},
}

@Article{Chen2022a,
  author  = {Yiyin Chen and Feng Guo and David Schlipf and Po Wen Cheng},
  title   = {Four-dimensional wind field generation for the aeroelastic simulation of wind turbines with lidars},
  journal = {Wind Energy Science},
  year    = {2022},
  volume  = {7},
  number  = {2},
  pages   = {539--558},
  month   = {mar},
  doi     = {10.5194/wes-7-539-2022},
}

@Article{Chen2021a,
  author  = {Yiyin Chen and David Schlipf and Po Wen Cheng},
  title   = {Parameterization of wind evolution using lidar},
  journal = {Wind Energy Science},
  year    = {2021},
  volume  = {6},
  number  = {1},
  pages   = {61--91},
  month   = {jan},
  doi     = {10.5194/wes-6-61-2021},
}

@InProceedings{Schlipf2020a,
  author    = {David Schlipf and Martin Koch and Steffen Raach},
  title     = {Modeling Uncertainties of Wind Field Reconstruction Using Lidar},
  booktitle = {Journal of Physics: Conference Series},
  year      = {2020},
  volume    = {1452},
  pages     = {012088},
  month     = {mar},
  note      = {NAWEA WindTech 2019},
  doi       = {10.1088/1742-6596/1452/1/012088},
}

@InProceedings{Schlipf2020c,
  author    = {David Schlipf and Frank Lemmer and Steffen Raach},
  title     = {Multi-Variable Feedforward Control for Floating Wind Turbines Using Lidar},
  booktitle = {International Ocean and Polar Engineering Conference},
  year      = {2020},
  month     = {oct},
  doi       = {10.18419/opus-11067},
  url       = {https://onepetro.org/ISOPEIOPEC/proceedings-abstract/ISOPE20/All-ISOPE20/ISOPE-I-20-1174/446367},
}

@InProceedings{Yu2020a,
  author    = {Wei Yu and Frank Lemmer and David Schlipf and Po Wen Cheng},
  title     = {Loop shaping based robust control for floating offshore wind turbines},
  booktitle = {Journal of Physics: Conference Series},
  year      = {2020},
  volume    = {1618},
  number    = {2},
  pages     = {022066},
  month     = {sep},
  note      = {The Science of Making Torque from Wind (TORQUE 2020)},
  doi       = {10.1088/1742-6596/1618/2/022066},
}

@InProceedings{Simley2020a,
  author    = {Eric Simley and Pietro Bortolotti and Andrew Scholbrock and David Schlipf and Katherine Dykes},
  title     = {{IEA} Wind Task 32 and Task 37: Optimizing Wind Turbines with Lidar-Assisted Control Using Systems Engineering},
  booktitle = {Journal of Physics: Conference Series},
  year      = {2020},
  volume    = {1618},
  number    = {4},
  pages     = {042029},
  month     = {sep},
  note      = {The Science of Making Torque from Wind (TORQUE 2020)},
  doi       = {10.1088/1742-6596/1618/4/042029},
}

@InProceedings{Schlipf2020b,
  author    = {David Schlipf and Feng Guo and Steffen Raach},
  title     = {Lidar-based Estimation of Turbulence Intensity for Controller Scheduling},
  booktitle = {Journal of Physics: Conference Series},
  year      = {2020},
  volume    = {1618},
  number    = {3},
  pages     = {032053},
  month     = {sep},
  note      = {The Science of Making Torque from Wind (TORQUE 2020)},
  doi       = {10.1088/1742-6596/1618/3/032053},
}

@InProceedings{Guo2021b,
  author    = {Feng Guo and David Schlipf},
  title     = {Lidar Wind Preview Quality Estimation for Wind Turbine Control},
  booktitle = {American Control Conference},
  year      = {2021},
  address   = {New Orleans, LA, USA},
  month     = {may},
  doi       = {10.23919/ACC50511.2021.9483442},
}

@Misc{Lemmer2021a,
  author = {Lemmer, Frank and Lehmann, Katja and Raach, Steffen and Al, Mees and Skandali, Danai and Schlipf, David and Yu, Wei and Cheng, Po Wen},
  title  = {Assessment of a State-Feedback Controller and Observer in a Floating Wind Turbine Scaled Experiment},
  month  = {may},
  year   = {2021},
  note   = {Presentation at Wind Energy Science Conference},
  doi    = {10.5281/zenodo.5004916},
}

@Misc{Novais2021a,
  author = {Felipe Novais and David Schlipf and Steffen Raach},
  title  = {A Low Computational Framework for Testing Wind Farm Controllers},
  month  = {may},
  year   = {2021},
  note   = {Presentation at Wind Energy Science Conference},
  doi    = {10.5281/zenodo.5008772},
}

@Misc{Omole2021a,
  author = {Omole, John Adetoyese and Schlipf, David and Venu, Anish and Ludde, Mike},
  title  = {Bayesian neural network model for estimating fatigue loads on wind turbines},
  month  = {may},
  year   = {2021},
  note   = {Presentation at Wind Energy Science Conference},
  doi    = {10.5281/zenodo.4923193},
}

@Misc{Schlipf2021c,
  author = {Schlipf, David and Lemmer, Frank and Thomas, Florian},
  title  = {Realization of wind field reconstruction for real- time monitoring and LIDAR-assisted control},
  month  = {aug},
  year   = {2021},
  note   = {Presentation at 5th International Conference on Offshore Renewable Energy},
  doi    = {10.5281/zenodo.5608684},
}

@Misc{Clifton2021a,
  author = {Clifton, Andrew and Schlipf, David},
  title  = {Wind lidar technology development and transfer},
  month  = {may},
  year   = {2021},
  note   = {Presentation at Wind Energy Science Conference},
  doi    = {10.5281/zenodo.4817725},
}

@Misc{Schlipf2021a,
  author = {David Schlipf and Feng Guo and Steffen Raach and Hailong Zhu},
  title  = {The Smart Lidar Concept - New Opportunities for the Lidar Community},
  month  = {mar},
  year   = {2021},
  note   = {Presentation at IEA Wind Task 32 Workshop on Digitalization},
  doi    = {10.5281/zenodo.4627168},
}

@Misc{Guo2021c,
  author = {Feng Guo and David Schlipf and Yiyin Chen},
  title  = {The impact of wind evolution and filter design on lidar-assisted wind turbine control},
  month  = {may},
  year   = {2021},
  note   = {Presentation at Wind Energy Science Conference},
  doi    = {10.5281/zenodo.4890902},
}

@Misc{Thomas2021a,
  author = {Thomas, Florian and Schlipf, David and Raach, Steffen},
  title  = {Smart Lidar Systems for Floating Offshore Wind Turbines},
  month  = {may},
  year   = {2021},
  note   = {Presentation at Wind Energy Science Conference},
  doi    = {10.5281/zenodo.5004524},
}

@Misc{Schlipf2021b,
  author = {Schlipf, David and Guo, Feng and Chen, Yiyin},
  title  = {Comparison of uncertainties in measurements from cup anemometers and lidar systems},
  month  = {may},
  year   = {2021},
  note   = {Presentation at Wind Energy Science Conference},
  doi    = {10.5281/zenodo.4890902},
}

@Misc{Clifton2020a,
  author = {Clifton, Andrew and Schlipf, David and Vasiljevic, Nikola and Gottschall, Julia and Clive, Peter and Wüerth, Ines and Wagner, Rozenn and Nygaard, Nicolai},
  title  = {IEA Wind Task 32: Collaborative R\&D Roadmap},
  month  = {sep},
  year   = {2020},
  note   = {IEA Wind Task 32 White Paper},
  doi    = {10.5281/zenodo.4030701},
}

@Misc{Schlipf2020d,
  author = {David Schlipf},
  title  = {An Overview of Lidar-Assisted Control},
  month  = {apr},
  year   = {2020},
  note   = {IEA Wind Task 32 Webinar},
  doi    = {10.5281/zenodo.3764556},
}

@Misc{Schlipf2019a,
  author = {David Schlipf},
  title  = {Set-Point-Fading for Wind Turbine Control},
  month  = {dec},
  year   = {2019},
  note   = {Technical Presentation},
  doi    = {10.5281/zenodo.5567358},
}

@Misc{Clifton2019a,
  author = {Clifton, Andrew and Schlipf, David},
  title  = {IEA Wind Task 32: Wind Lidar},
  month  = {oct},
  year   = {2019},
  note   = {IEA Wind Task 32 White Paper},
  doi    = {10.5281/zenodo.3482839},
}

@Article{Guo2022a,
  author  = {Feng Guo and Jakob Mann and Alfredo Peña and David Schlipf and Po Wen Cheng},
  title   = {The space-time structure of turbulence for lidar-assisted wind turbine control},
  journal = {Renewable Energy},
  year    = {2022},
  volume  = {195},
  pages   = {293-310},
  doi     = {10.1016/j.renene.2022.05.133},
}

@InProceedings{Steinacker2022a,
  author    = {Heiner Steinacker and Frank Lemmer and Steffen Raach and David Schlipf and Po Wen Cheng},
  title     = {Efficient multibody modeling of offshore wind turbines with flexible substructures},
  booktitle = {Journal of Physics: Conference Series},
  year      = {2022},
  volume    = {2265},
  number    = {4},
  pages     = {042007},
  month     = {may},
  note      = {The Science of Making Torque from Wind (TORQUE 2022)},
  doi       = {10.1088/1742-6596/2265/4/042007},
}

@InProceedings{Guo2022b,
  author    = {Feng Guo and David Schlipf and Hailong Zhu and Andy Platt and Po Wen Cheng and Florian Thomas},
  title     = {Updates on the {OpenFAST} Lidar Simulator},
  booktitle = {Journal of Physics: Conference Series},
  year      = {2022},
  volume    = {2265},
  number    = {4},
  pages     = {042030},
  month     = {may},
  note      = {The Science of Making Torque from Wind (TORQUE 2022)},
  doi       = {10.1088/1742-6596/2265/4/042030},
}

@InProceedings{Miquelez2022a,
  author    = {I. Miquelez-Madariaga and D. Schlipf and J. Elso and F. Guo and A. D{\'{\i}}az de Corcuera},
  title     = {{LIDAR} based multivariable $\mathscr{H}_{\infty}$ feedforward control for load reduction in wind turbines},
  booktitle = {Journal of Physics: Conference Series},
  year      = {2022},
  volume    = {2265},
  number    = {2},
  pages     = {022070},
  month     = {may},
  note      = {The Science of Making Torque from Wind (TORQUE 2022)},
  doi       = {10.1088/1742-6596/2265/2/022070},
}

@InProceedings{Guo2022c,
  author    = {Feng Guo and David Schlipf and Zhaoyu Zhang and Po Wen Cheng},
  title     = {Investigation on the wind preview quality for lidar-assisted wind turbine control under wake conditions},
  booktitle = {American Control Conference},
  year      = {2022},
  address   = {Atlanta, GA, USA},
  month     = jun,
  doi       = {10.23919/ACC53348.2022.9867301},
}

@Article{Guo2023a,
  author  = {Guo, Feng and Schlipf, David and Cheng, Po Wen},
  title   = {Evaluation of lidar-assisted wind turbine control under various turbulence characteristics},
  journal = {Wind Energy Science},
  year    = {2023},
  volume  = {8},
  number  = {2},
  pages   = {149--171},
  doi     = {10.5194/wes-8-149-2023},
}

@Book{Pena2015a,
  title     = {Remote Sensing for Wind Energy},
  publisher = {DTU Wind Energy},
  year      = {2015},
  author    = {Alfredo Peña and Hasager, {Charlotte Bay} and Merete Badger and Barthelmie, {Rebecca Jane} and Ferhat Bingöl and Jean-Pierre Cariou and Stefan Emeis and Frandsen, {Sten Tron{\ae}s} and Michael Harris and Ioanna Karagali and Larsen, {S{\o}ren Ejling} and Jakob Mann and Torben Mikkelsen and Mark Pitter and Sara Pryor and Ameya Sathe and David Schlipf and Chris Slinger and Rozenn Wagner},
  number    = {0084(EN)},
  series    = {DTU Wind Energy E},
  address   = {Denmark},
  url       = {https://orbit.dtu.dk/en/publications/remote-sensing-for-wind-energy-4},
}

@InProceedings{Schlipf2023a,
  author    = {David Schlipf and Feng Guo and Steffen Raach and Frank Lemmer},
  title     = {A Tutorial on Lidar-Assisted Control for Floating Offshore Wind Turbines},
  booktitle = {American Control Conference},
  year      = {2023},
  address   = {San Diego, CA, USA},
  month     = {may},
}

@Article{Guo2023b,
  author  = {Guo, F. and Schlipf, D.},
  title   = {Assessing lidar-assisted feedforward and multivariable feedback controls for large floating wind turbines},
  journal = {Wind Energy Science Discussions},
  year    = {2023},
  volume  = {2023},
  pages   = {1--25},
  doi     = {10.5194/wes-2023-9},
}

@Comment{jabref-meta: databaseType:bibtex;}
